% !Mode:: "TeX:UTF-8"
@article{Read2011Classifier,
	title={Classifier chains for multi-label classification},
	author={Read, Jesse and Pfahringer, Bernhard and Holmes, Geoff and Frank, Eibe},
	journal={Machine Learning},
	volume={85},
	number={3},
	pages={p.333-359},
	year={2011},
}

@inproceedings{Tsoumakas2007Random,
	title={Random k -Labelsets: An Ensemble Method for Multilabel Classification},
	author={Tsoumakas, Grigorios and Vlahavas, Ioannis},
	booktitle={Proceedings of the 18th European conference on Machine Learning},
	year={2007},
}

@article{Zhang2007ML,
	title={ML-KNN: A lazy learning approach to multi-label learning},
	author={Zhang, Min Ling and Zhou, Zhi Hua},
	journal={Pattern Recognition},
	volume={40},
	number={7},
	pages={2038-2048},
	year={2007},
}

@inproceedings{Clare2002Knowledge,
	title={Knowledge Discovery in Multi-Label Phenotype Data},
	author={Clare, Amanda and King, Ross D.},
	booktitle={European Conference on Principles of Data Mining and Knowledge Discovery},
	year={2002},
}

@inproceedings{Agrawal2013Multi,
	title={Multi-label learning with millions of labels: Recommending advertiser bid phrases for web pages},
	author={Agrawal, Rahul and Gupta, Archit and Prabhu, Yashoteja and Varma, Manik},
	booktitle={International Conference on World Wide Web},
	year={2013},
}

@article{F2008Multilabel,
	title={Multilabel classification via calibrated label ranking},
	author={Fürnkranz, Johannes and Hüllermeier, Eyke and Loza?Mencía, Eneldo and Brinker, Klaus},
	journal={Machine Learning},
	volume={73},
	number={2},
	pages={133-153},
	year={2008},
}

@inproceedings{Read2008Multi,
	title={Multi-label Classification Using Ensembles of Pruned Sets},
	author={Read, Jesse and Pfahringer, Bernhard and Holmes, Geoffrey},
	booktitle={Proceedings of the 8th IEEE International Conference on Data Mining (ICDM 2008), December 15-19, 2008, Pisa, Italy},
	year={2008},
}

@article{Ge2018Multi,
	title={Multi-Evidence Filtering and Fusion for Multi-Label Classification, Object Detection and Semantic Segmentation Based on Weakly Supervised Learning},
	author={Ge, Weifeng and Yang, Sibei and Yu, Yizhou},
	year={2018},
}

@inproceedings{Li2015Leveraging,
	title={Leveraging Implicit Relative Labeling-Importance Information for Effective Multi-Label Learning},
	author={Li, Yu Kun and Zhang, Min Ling and Geng, Xin},
	booktitle={The IEEE International Conference on Data Mining (ICDM 2015)},
	year={2015},
}

@inproceedings{Ling2016Multi,
	title={Multi-Label Informed Feature Selection},
	author={Ling, Jian and Li, Jundong and Kai, Shu and Liu, Huan},
	booktitle={IJCAI},
	year={2016},
}

@article{Gong2014Deep,
	title={Deep Convolutional Ranking for Multilabel Image Annotation},
	author={Gong, Yunchao and Jia, Yangqing and Leung, Thomas and Toshev, Alexander and Ioffe, Sergey},
	year={2014},
}

@inproceedings{Hu2016Learning,
	title={Learning Structured Inference Neural Networks with Label Relations},
	author={Hu, Hexiang and Zhou, Guang Tong and Deng, Zhiwei and Liao, Zicheng and Mori, Greg},
	booktitle={2016 IEEE Conference on Computer Vision and Pattern Recognition (CVPR)},
	year={2016},
}

@inproceedings{Jiang2016CNN,
	title={CNN-RNN: A Unified Framework for Multi-label Image Classification},
	author={Jiang, Wang and Yi, Yang and Mao, Junhua and Huang, Zhiheng and Wei, Xu},
	booktitle={2016 IEEE Conference on Computer Vision and Pattern Recognition (CVPR)},
	year={2016},
}

@inproceedings{Ghamrawi2005Collective,
	title={Collective Multi-Label Classification},
	author={Ghamrawi, N. and Mccallum, A},
	booktitle={Proceedings of the 2005 ACM CIKM International Conference on Information and Knowledge Management, Bremen, Germany, October 31 - November 5, 2005},
	year={2005},
}

@inproceedings{Guo2011Multi,
	title={Multi-Label Classification Using Conditional Dependency Networks},
	author={Guo, Yuhong and Gu, Suicheng},
	booktitle={IJCAI 2011, Proceedings of the 22nd International Joint Conference on Artificial Intelligence, Barcelona, Catalonia, Spain, July 16-22, 2011},
	year={2011},
}

@inproceedings{Xue2011Correlative,
	title={Correlative multi-label multi-instance image annotation},
	author={Xue, Xiangyang and Wei, Zhang and Jie, Zhang and Wu, Bin and Yao, Lu},
	booktitle={IEEE International Conference on Computer Vision, ICCV 2011, Barcelona, Spain, November 6-13, 2011},
	year={2011},
}

@inproceedings{Li2014Multi,
	title={Multi-label image classification with a probabilistic label enhancement model},
	author={Li, X. and Zhao, F. and Guo, Y.},
	booktitle={Uncertainty in Artificial Intelligence - Proceedings of the 30th Conference, UAI 2014},
	year={2014},
}

@article{Chen2019Multi,
	title={Multi-Label Image Recognition with Graph Convolutional Networks},
	author={Chen, Zhao-Min and Wei, Xiu-Shen and Wang, Peng and Guo, Yanwen},
	year={2019},
}

@article{Lin2014Microsoft,
	title={Microsoft COCO: Common Objects in Context},
	author={Lin, Tsung Yi and Maire, Michael and Belongie, Serge and Bourdev, Lubomir and Girshick, Ross and Hays, James and Perona, Pietro and Ramanan, Deva and Zitnick, C. Lawrence and Dollár, Piotr},
	year={2014},
}

@inproceedings{Jiang2016CNN,
	title={CNN-RNN: A Unified Framework for Multi-label Image Classification},
	author={Jiang, Wang and Yi, Yang and Mao, Junhua and Huang, Zhiheng and Wei, Xu},
	booktitle={2016 IEEE Conference on Computer Vision and Pattern Recognition (CVPR)},
	year={2016},
}

@article{Chen2017Order,
	title={Order-Free RNN with Visual Attention for Multi-Label Classification},
	author={Chen, Shang Fu and Chen, Yi Chen and Yeh, Chih Kuan and Wang, Yu Chiang Frank},
	year={2017},
}
